<?xml version="1.0" encoding="utf-8"?>
<record xmlns="http://www.loc.gov/MARC21/slim" xmlns:xsi="http://www.w3.org/2001/XMLSchema-instance" xsi:schemaLocation="http://www.loc.gov/MARC21/slim http://www.loc.gov/standards/marcxml/schema/MARC21slim.xsd">
	<leader>     nam a22     Mi 4500</leader>
	<controlfield tag="001">b12479500</controlfield>
	<controlfield tag="003">LeBAU</controlfield>
	<controlfield tag="006">m        d        </controlfield>
	<controlfield tag="007">cr cn |||m|||a</controlfield>
	<controlfield tag="008">200522s1925    su      o       0   ara d</controlfield>
	<datafield ind1=" " ind2=" " tag="040">
		<subfield code="a">ZYU</subfield>
		<subfield code="b">ara</subfield>
		<subfield code="e">rda</subfield>
		<subfield code="c">ZYU</subfield>
	</datafield>
	<datafield ind1="0" ind2="4" tag="082">
		<subfield code="a">349.297</subfield>
		<subfield code="2">20</subfield>
	</datafield>
	<datafield ind1="1" ind2=" " tag="100">
		<subfield code="6">880-01</subfield>
		<subfield code="a">Nawawī,</subfield>
		<subfield code="d">1233-1277.</subfield>
		<subfield code="e">author.</subfield>
		<subfield code="0">https://lccn.loc.gov/n82009538 ,</subfield>
	</datafield>
	<datafield ind1="1" ind2="0" tag="245">
		<subfield code="6">880-02</subfield>
		<subfield code="a">al-Majmūʻ :</subfield>
		<subfield code="b">sharḥ al-Muhadhdhab.</subfield>
	</datafield>
	<datafield ind1="3" ind2=" " tag="246">
		<subfield code="6">880-03</subfield>
		<subfield code="i">Cover title on volumes 11-20:</subfield>
		<subfield code="a">Takmilat al-Majmūʻ</subfield>
		<subfield code="b">al-Majmūʻ : sharḥ al-Muhadhdhab</subfield>
	</datafield>
	<datafield ind1="3" ind2=" " tag="246">
		<subfield code="6">880-04</subfield>
		<subfield code="i">عنوان غلاف الجزء 11-20:</subfield>
		<subfield code="a">تكملة المجموع</subfield>
	</datafield>
	<datafield ind1=" " ind2="1" tag="264">
		<subfield code="6">880-05</subfield>
		<subfield code="a">al-Madīnah al-Munawwarah :</subfield>
		<subfield code="b">al-Maktabah al-Salafiyah,</subfield>
		<subfield code="c">1344 H., [1925? M.]</subfield>
	</datafield>
	<datafield ind1=" " ind2=" " tag="300">
		<subfield code="6">880-06</subfield>
		<subfield code="a">online resource (20 volumes)</subfield>
	</datafield>
	<datafield ind1=" " ind2=" " tag="336">
		<subfield code="a">text</subfield>
		<subfield code="2">rdacontent</subfield>
	</datafield>
	<datafield ind1=" " ind2=" " tag="337">
		<subfield code="a">computer</subfield>
		<subfield code="2">rdamedia</subfield>
	</datafield>
	<datafield ind1=" " ind2=" " tag="338">
		<subfield code="a">online resource</subfield>
		<subfield code="2">rdacarrier</subfield>
	</datafield>
	<datafield ind1=" " ind2=" " tag="500">
		<subfield code="a">الأجزاء 1-12: تضم في أسفل الصفحات كتابي &quot;فتح العزيز شرح الوجيز / للإمام الرافعي وكتاب &quot;التلخيص الحبير&quot; / للحافظ إبن حجر&quot;.</subfield>
	</datafield>
	<datafield ind1=" " ind2=" " tag="500">
		<subfield code="a">Part of the Arabic Collections Online (ACO) project, contributed by American University of Beirut's Jafet Memorial Library.</subfield>
	</datafield>
	<datafield ind1=" " ind2=" " tag="533">
		<subfield code="a">Electronic reproduction.</subfield>
		<subfield code="b">New York, N.Y. :</subfield>
		<subfield code="c">New York University,</subfield>
		<subfield code="d">2020.</subfield>
		<subfield code="5">NNU</subfield>
	</datafield>
	<datafield ind1="1" ind2="4" tag="600">
		<subfield code="a">الفيروزآبادي الشيرازي، ابو اسحق ابراهيم بن علي بن يوسف،</subfield>
		<subfield code="d">حوالي 1003-1083.</subfield>
		<subfield code="t">المهذب.</subfield>
	</datafield>
	<datafield ind1="0" ind2="4" tag="600">
		<subfield code="a">الغزالي،</subfield>
		<subfield code="d">1058-1111.</subfield>
		<subfield code="t">الوجيز.</subfield>
	</datafield>
	<datafield ind1="1" ind2="0" tag="600">
		<subfield code="a">Fīrūzābādī al-Shīrāzī, Abū Isḥāq Ibrāhīm ibn ʻAlī ibn Yūsuf,</subfield>
		<subfield code="d">approximately 1003-1083.</subfield>
		<subfield code="t">Muhadhdhab.</subfield>
	</datafield>
	<datafield ind1="0" ind2="0" tag="600">
		<subfield code="a">Ghazzālī,</subfield>
		<subfield code="d">1058-1111.</subfield>
		<subfield code="t">Wajīz.</subfield>
	</datafield>
	<datafield ind1=" " ind2="4" tag="650">
		<subfield code="a">الفقه الاسلامي</subfield>
		<subfield code="v">اعمال قديمة حتى 1800.</subfield>
	</datafield>
	<datafield ind1=" " ind2="4" tag="650">
		<subfield code="a">الحديث</subfield>
		<subfield code="x">اسناد</subfield>
		<subfield code="v">اعمال قديمة حتى 1800.</subfield>
	</datafield>
	<datafield ind1=" " ind2="4" tag="650">
		<subfield code="a">المذهب الشافعي</subfield>
		<subfield code="v">أعمال قديمة حتى 1800.</subfield>
	</datafield>
	<datafield ind1=" " ind2="0" tag="650">
		<subfield code="a">Islamic law</subfield>
		<subfield code="v">Early works to 1800.</subfield>
	</datafield>
	<datafield ind1=" " ind2="0" tag="650">
		<subfield code="a">Hadith</subfield>
		<subfield code="x">Evidences, authority, etc.</subfield>
		<subfield code="v">Early works to 1800.</subfield>
	</datafield>
	<datafield ind1=" " ind2="0" tag="650">
		<subfield code="a">Shafiites</subfield>
		<subfield code="v">Early works to 1800.</subfield>
	</datafield>
	<datafield ind1="1" ind2="2" tag="700">
		<subfield code="6">880-07</subfield>
		<subfield code="a">Rāfiʻī, ʻAbd al-Karīm ibn Muḥammad,</subfield>
		<subfield code="d">1162-1226.</subfield>
		<subfield code="t">Fatḥ al-ʻAzīz fī sharḥ al-Wajīz</subfield>
		<subfield code="0">https://lccn.loc.gov/n88243875 .</subfield>
	</datafield>
	<datafield ind1="1" ind2="2" tag="700">
		<subfield code="6">880-08</subfield>
		<subfield code="a">Fīrūzābādī al-Shīrāzī, Abū Isḥāq Ibrāhīm ibn ʻAlī ibn Yūsuf,</subfield>
		<subfield code="d">approximately 1003-1083.</subfield>
		<subfield code="t">Muhadhdhab.</subfield>
	</datafield>
	<datafield ind1="1" ind2="2" tag="700">
		<subfield code="6">880-09</subfield>
		<subfield code="a">Ibn Ḥajar al-ʻAsqalānī, Aḥmad ibn ʻAlī,</subfield>
		<subfield code="d">1372-1449.</subfield>
		<subfield code="t">Talkhīs al-ḥabīr.</subfield>
	</datafield>
	<datafield ind1="1" ind2="2" tag="700">
		<subfield code="6">880-10</subfield>
		<subfield code="a">Subkī, Taqī al-Dīn ʻAlī ibn ʻAbd al-Kāfī,</subfield>
		<subfield code="d">1284-1355.</subfield>
		<subfield code="t">Takmilat al-Majmūʻ.</subfield>
	</datafield>
	<datafield ind1="2" ind2=" " tag="710">
		<subfield code="a">Jafet Memorial Library.</subfield>
	</datafield>
	<datafield ind1="0" ind2=" " tag="730">
		<subfield code="a">Arabic Collections Online.</subfield>
	</datafield>
	<datafield ind1="0" ind2="8" tag="775">
		<subfield code="6">880-11</subfield>
		<subfield code="i">has designation of edition</subfield>
		<subfield code="4">http://rdaregistry.info/Elements/m/P30133 :</subfield>
		<subfield code="a">Nawawī, 1233-1277.</subfield>
		<subfield code="t">Majmūʻ : sharḥ al-Muhadhdhab.</subfield>
		<subfield code="d">[Bayrut] : Dar al-Fikr, [between 1990 and 2000]</subfield>
		<subfield code="w">(LEAUB)b21034710</subfield>
	</datafield>
	<datafield ind1="0" ind2="8" tag="776">
		<subfield code="i">Print version:</subfield>
		<subfield code="a">Nawawī, 1233-1277. author. https://lccn.loc.gov/n82009538 ,</subfield>
		<subfield code="t">al-Majmūʻ</subfield>
		<subfield code="w">(LeBAU)b12479500</subfield>
	</datafield>
	<datafield ind1="4" ind2="0" tag="856">
		<subfield code="u">http://hdl.handle.net/2333.1/5hqbzw94</subfield>
	</datafield>
	<datafield ind1="0" ind2=" " tag="880">
		<subfield code="6">100-01</subfield>
		<subfield code="a">النووي،</subfield>
		<subfield code="d">1233-1277،</subfield>
		<subfield code="0">https://lccn.loc.gov/n82009538 ,</subfield>
		<subfield code="e">مؤلف. </subfield>
		<subfield code="4">aut.</subfield>
	</datafield>
	<datafield ind1="1" ind2="3" tag="880">
		<subfield code="6">245-02</subfield>
		<subfield code="a">المجموع :</subfield>
		<subfield code="b">شرح المهذب.</subfield>
	</datafield>
	<datafield ind1="3" ind2=" " tag="880">
		<subfield code="6">246-03</subfield>
		<subfield code="i">عنوان الجزء 11-20:</subfield>
		<subfield code="a">التكملة الثانية :</subfield>
		<subfield code="b">المجموع : شرح المهذب</subfield>
	</datafield>
	<datafield ind1=" " ind2="1" tag="880">
		<subfield code="6">264-05</subfield>
		<subfield code="a">المدينة المنورة :</subfield>
		<subfield code="b">المكتبة السلفية،</subfield>
		<subfield code="c">1344 هـ.، [1925؟ م.]</subfield>
	</datafield>
	<datafield ind1="3" ind2=" " tag="880">
		<subfield code="6">246-04</subfield>
		<subfield code="i">Title on volumes 11-20:</subfield>
		<subfield code="a">Takmilah al-thāniyah :</subfield>
	</datafield>
	<datafield ind1=" " ind2=" " tag="880">
		<subfield code="6">300-06</subfield>
		<subfield code="a">20 جزء ؛</subfield>
		<subfield code="c">29 سم</subfield>
	</datafield>
	<datafield ind1="1" ind2="2" tag="880">
		<subfield code="6">700-08</subfield>
		<subfield code="a">الفيروزآبادي الشيرازي، ابو اسحق ابراهيم بن علي بن يوسف،</subfield>
		<subfield code="d">1083-1003حوالي .</subfield>
		<subfield code="0">https://lccn.loc.gov/n88243875 .</subfield>
		<subfield code="t">المهذب.</subfield>
	</datafield>
	<datafield ind1="1" ind2="2" tag="880">
		<subfield code="6">700-07</subfield>
		<subfield code="a">الرافعي، عبد الكريم بن محمد،</subfield>
		<subfield code="d">1162-1226.</subfield>
		<subfield code="t">فتح العزيز شرح الوجيز.</subfield>
	</datafield>
	<datafield ind1="1" ind2="2" tag="880">
		<subfield code="6">700-09</subfield>
		<subfield code="a">ابن حجر العسقلاني، شهاب الدين احمد بن علي،</subfield>
		<subfield code="d">1372-1449.</subfield>
		<subfield code="t">التلخيص الحبير.</subfield>
	</datafield>
	<datafield ind1="1" ind2="2" tag="880">
		<subfield code="6">700-10</subfield>
		<subfield code="a">السبكي، تقي الدين علي بن عبد الكافي،</subfield>
		<subfield code="d">1284-1355.</subfield>
		<subfield code="t">تكملة المجموع.</subfield>
	</datafield>
	<datafield ind1="0" ind2="8" tag="880">
		<subfield code="6">775-11</subfield>
		<subfield code="i">دلالة على الطبعة</subfield>
		<subfield code="4">http://rdaregistry.info/Elements/m/P30133 :</subfield>
		<subfield code="a">النووي، 1233-1277.</subfield>
		<subfield code="t">المجموع : شرح المهذب.</subfield>
		<subfield code="d">[بيروت] : [دار الفكر] ، [ما بين 1990 و2000]</subfield>
		<subfield code="w">(LEAUB)b21034710</subfield>
	</datafield>
	<datafield ind1=" " ind2=" " tag="959">
		<subfield code="a">NNU</subfield>
		<subfield code="b">WEB</subfield>
		<subfield code="c">GENI</subfield>
		<subfield code="t">0</subfield>
		<subfield code="m">Electronic access</subfield>
		<subfield code="s">01</subfield>
	</datafield>
	<datafield ind1=" " ind2=" " tag="999">
		<subfield code="i">LeBAU_b12479500</subfield>
		<subfield code="s">aub_aco003840:v.1</subfield>
		<subfield code="s">aub_aco003841:v.2</subfield>
		<subfield code="s">aub_aco003842:v.3</subfield>
		<subfield code="s">aub_aco003843:v.4</subfield>
		<subfield code="s">aub_aco003844:v.5</subfield>
		<subfield code="s">aub_aco003845:v.6</subfield>
		<subfield code="s">aub_aco003846:v.7</subfield>
		<subfield code="s">aub_aco003847:v.8</subfield>
		<subfield code="s">aub_aco003848:v.9</subfield>
		<subfield code="s">aub_aco003849:v.10</subfield>
		<subfield code="s">aub_aco003850:v.11</subfield>
		<subfield code="s">aub_aco003851:v.12</subfield>
		<subfield code="s">aub_aco003852:v.13</subfield>
		<subfield code="s">aub_aco003853:v.14</subfield>
		<subfield code="s">aub_aco003854:v.15</subfield>
		<subfield code="s">aub_aco003855:v.16</subfield>
		<subfield code="s">aub_aco003856:v.17</subfield>
		<subfield code="s">aub_aco003857:v.18</subfield>
		<subfield code="s">aub_aco003858:v.19</subfield>
		<subfield code="s">aub_aco003859:v.20</subfield>
		<subfield code="e">(ERROR-MISC)</subfield>
	</datafield>
</record>
